@thesis{Yano:2310803,
      author        = "Yano, Satoshi",
      title         = "{Neutral Pion Production in Proton+Proton Collisions at
                       $\sqrt{s}=8$ TeV and Insight into Hadron Production
                       Mechanism}",
      month         = "Mar",
      year          = "2018",
      reportNumber  = "CERN-THESIS-2018-023",
      url           = "http://cds.cern.ch/record/2310803",
      note          = "Presented 06 Mar 2018",
}
@techreport{Aaij:2317224,
      author        = "Aaij, ...",
      title         = "{Search for CP violation using triple product asymmetries
                       in $\Lambda^{0}_{b}\to pK^{-}\pi^{+}\pi^{-}$,
                       $\Lambda^{0}_{b}\to pK^{-}K^{+}K^{-}$ and $\Xi^{0}_{b}\to
                       pK^{-}K^{-}\pi^{+}$ decays}",
      collaboration = "LHCb Collaboration",
      number        = "CERN-EP-2018-081",
      month         = "May",
      year          = "2018",
      reportNumber  = "CERN-EP-2018-081",
      url           = "http://cds.cern.ch/record/2317224",
      note          = "* Temporary entry *",
}

@article{PhysRevLett.107.221801,
  title = {Observation of ${D}^{+}\ensuremath{\rightarrow}{K}^{+}{\ensuremath{\eta}}^{(}{\ensuremath{'}}^{)}$ and Search for $CP$ Violation in ${D}^{+}\ensuremath{\rightarrow}{\ensuremath{\pi}}^{+}{\ensuremath{\eta}}^{(}{\ensuremath{'}}^{)}$ Decays},
  author = {Won, E. and Ko, B. R. and Adachi, I. and Aihara, H. and Arinstein, K. and Asner, D. M. and Aushev, T. and Bakich, A. M. and Barberio, E. and Bay, A. and Bhardwaj, V. and Bhuyan, B. and Bischofberger, M. and Bondar, A. and Bozek, A. and Bra\ifmmode \check{c}\else \v{c}\fi{}ko, M. and Brodzicka, J. and Browder, T. E. and Chang, P. and Chen, A. and Chen, P. and Cheon, B. G. and Chilikin, K. and Cho, I.-S. and Cho, K. and Choi, S.-K. and Choi, Y. and Dalseno, J. and Danilov, M. and Dole\ifmmode \check{z}\else \v{z}\fi{}al, Z. and Dr\'asal, Z. and Drutskoy, A. and Eidelman, S. and Fast, J. E. and Gaur, V. and Gabyshev, N. and Garmash, A. and Goh, Y. M. and Golob, B. and Haba, J. and Hara, T. and Hayasaka, K. and Hayashii, H. and Horii, Y. and Hoshi, Y. and Hou, W.-S. and Hsiung, Y. B. and Hyun, H. J. and Iijima, T. and Inami, K. and Ishikawa, A. and Itoh, R. and Iwabuchi, M. and Iwasaki, Y. and Iwashita, T. and Joshi, N. J. and Julius, T. and Kang, J. H. and Katayama, N. and Kawasaki, T. and Kichimi, H. and Kim, H. J. and Kim, H. O. and Kim, J. B. and Kim, J. H. and Kim, K. T. and Kim, M. J. and Kim, S. K. and Kim, Y. J. and Kinoshita, K. and Kobayashi, N. and Koblitz, S. and Kody\ifmmode \check{s}\else \v{s}\fi{}, P. and Korpar, S. and Kri\ifmmode \check{z}\else \v{z}\fi{}an, P. and Kumita, T. and Kuzmin, A. and Kwon, Y.-J. and Lange, J. S. and Lee, M. J. and Lee, S.-H. and Li, J. and Li, Y. and Libby, J. and Lim, C.-L. and Liu, C. and Liu, Y. and Liventsev, D. and Louvot, R. and McOnie, S. and Miyabayashi, K. and Miyata, H. and Miyazaki, Y. and Mizuk, R. and Mohanty, G. B. and Nagasaka, Y. and Nakano, E. and Nakao, M. and Nakazawa, H. and Natkaniec, Z. and Neubauer, S. and Nishida, S. and Nishimura, K. and Nitoh, O. and Ogawa, S. and Ohshima, T. and Okuno, S. and Olsen, S. L. and Onuki, Y. and Pakhlov, P. and Pakhlova, G. and Park, H. and Park, H. K. and Park, K. S. and Pestotnik, R. and Petri\ifmmode \check{c}\else \v{c}\fi{}, M. and Piilonen, L. E. and R\"ohrken, M. and Ryu, S. and Sahoo, H. and Sakai, K. and Sakai, Y. and Sanuki, T. and Schneider, O. and Schwanda, C. and Schwartz, A. J. and Senyo, K. and Seon, O. and Sevior, M. E. and Shen, C. P. and Shibata, T.-A. and Shiu, J.-G. and Simon, F. and Singh, J. B. and Smerkol, P. and Sohn, Y.-S. and Sokolov, A. and Solovieva, E. and Stani\ifmmode \check{c}\else \v{c}\fi{}, S. and Stari\ifmmode \check{c}\else \v{c}\fi{}, M. and Sumihama, M. and Sumiyoshi, T. and Suzuki, S. and Tatishvili, G. and Teramoto, Y. and Trabelsi, K. and Uchida, M. and Uehara, S. and Uglov, T. and Unno, Y. and Uno, S. and Usov, Y. and Vahsen, S. E. and Varner, G. and Vinokurova, A. and Wang, C. H. and Wang, M.-Z. and Wang, P. and Watanabe, M. and Watanabe, Y. and Williams, K. M. and Yabsley, B. D. and Yamashita, Y. and Yamauchi, M. and Zhang, Z. P. and Zhilich, V. and Zhulanov, V. and Zupanc, A. and Zyukova, O.},
  collaboration = {Belle Collaboration},
  journal = {Phys. Rev. Lett.},
  volume = {107},
  issue = {22},
  pages = {221801},
  numpages = {6},
  year = {2011},
  month = {Nov},
  publisher = {American Physical Society},
  doi = {10.1103/PhysRevLett.107.221801},
  url = {https://link.aps.org/doi/10.1103/PhysRevLett.107.221801}
}

@techreport{Acharya:2316135,
      author        = "Acharya, ....",
      title         = "{Production of the $\rho(770)^{0}$ meson in pp and Pbâ€“Pb
                       collisions at $\sqrt{s_{NN}}$ = 2.76 TeV}",
      institution   = "CERN",
      address       = "Geneva",
      number        = "CERN-EP-2018-106",
      month         = "May",
      year          = "2018",
      reportNumber  = "CERN-EP-2018-106",
      url           = "http://cds.cern.ch/record/2316135",
      note          = "* Temporary entry *",
}

